@incollection{oksendal2003stochastic,
  title={Stochastic differential equations: An Introduction with Applications},
  author={{\O}ksendal, Bernt},
  year={2000},
  publisher={Springer}
}